@book{calc_num,
	title = {Cálculo Numérico, Segunda Edição},
	author = {Márcia A. Gomes Ruggiero and Vera Lúcia da Rocha Lopes},
	year = {1998},
	publisher = {Pearson}
}

@online{painel_covid,
	author = {Alberto Saa},
	title = {Painel Coronavírus},
	url = {http://vigo.ime.unicamp.br/COVID/}
}

@online{git_saa,
	author = {Alberto Saa},
	title = {GitHub Painel Coronavírus},
	url = {https://github.com/albertosaa/COVID}
}

@online{pdf_saa,
	author = {Alberto Saa},
	title = {Análise automática do Painel Coronavírus},
	addendum = {(versão atualizada ainda não publicada)},
	url = {http://vigo.ime.unicamp.br/COVID/covid.pdf}
}

@online{ibge,
	author = {IBGE},
	title = {Estimativas de População 2019},
	url = {https://ibge.gov.br/Estimativas_de_Populacao/Estimativas_2019},
	addendum = {(acessado em 14 de Julho de 2020)}
}

@online{git_grupo,
	title = {Calculo-Numerico-SIR},
	url = {https://github.com/GNeulaender/Calculo-Numerico-SIR}
}

@online{model,
	author = {Wikipedia},
	title = {Compartmental models in epidemiology},
	url = {https://en.wikipedia.org/wiki/Compartmental_models_in_epidemiology}
}
